@article{wan2023hybrid,
  title={基于混合治愈模型的网络借贷投资组合决策模型与实证研究},
  author={万洁 and 郝俊},
  journal={系统科学与数学},
  volume={43},
  number={5},
  pages={1138--1156},
  year={2023}
}

@article{guo2016instance,
  title={Instance-based credit risk assessment for investment decisions in P2P lending},
  author={Guo, Yiyang and Zhou, Wei and Luo, Chen and et al.},
  journal={European Journal of Operational Research},
  volume={249},
  number={2},
  pages={417--426},
  year={2016}
}
